@Article{Elmali:1996,
  author =   {Elmali H., Olgac, N.},
  title =    {Implementation of Sliding Mode Control with Perturbation Estimation (SMCPE)},
  journal =  {IEEE Transactions on control system technology},
  year =     1996,
  volume =   4,
  number =   5,
}

@Article{ButcherController:2015,
  author =   {Butcher M., Giustiniani A., Losito R. and Masi A.},
  title =    {Controller Design and Verification for a Rotational Piezo-based Actuator for Accurate Positioning Applications in Noisy Environments},
  journal =  {Iecon 2015},
  year =     2015,
}

@Article{Biggio:2014,
  author =   {Biggio M., Butcher M., Giustiniani A., Masi A., and Storace M.},
  title =    {Memory characteristics of hysteresis and creep in multi-layer piezoelectric actuators: An experimental analysis},
  journal =  {Physica B: Condensed Matter},
  year =     2014,
  volume =   435,
  pages =    {40--43},
}

@Article{ButcherIdentification:2015,
  author =   {Butcher M., Giustiniani A. and Masi A.},
  title =    {On the identification of Hammerstein systems in the presence of an input hysteretic nonlinearity with nonlocal memory: Piezoelectric actuators – an experimental case study},
  journal =  {Physica B: Condensed Matter},
  year =     2015,
  pages =    {1–-5},
}

@Article{SurveyOfControlIssues:2007,
  author =   {Devasia S., Eleftheriou E. and Moheimani R.},
  title =    {A survey of control issues in nanopositioning},
  journal =  {IEEE Transactions on Control Systems Technology},
  volume = {15},
  number = {5},
  year =     2007,
  pages =    {802–-823},
}

@Article{Piezo:2008,
  author =   {Devasia S., Eleftheriou E. and Moheimani R.},
  title =    {Piezoelectrics in Positioning. Tutorial on Piezotechnology in Nanopositioning Applications.},
  journal =  {Physik Instrumente (PI) GmbH and Co. KG.},
  month = "Retreived in January",
  year = 2008,
  url = {http://www.physikinstrumente.com/en/pdf_extra/2009_PI_Piezo_University_Designing_with_Piezo_Actuators_Tutorial.pdf},
}

@inproceedings{Aphale:2007,
  title={Integral control of smart structures with collocated sensors and actuators},
  author={Aphale, Sumeet S and Fleming, Andrew J and Moheimani, SO Reza},
  booktitle={Control Conference (ECC), 2007 European},
  pages={2595--2602},
  year={2007},
  organization={IEEE}
}

@article{gu:2014,
  title={Integral resonant damping for high-bandwidth control of piezoceramic stack actuators with asymmetric hysteresis nonlinearity},
  author={Gu, Guo-Ying and Zhu, Li-Min and Su, Chun-Yi},
  journal={Mechatronics},
  volume={24},
  number={4},
  pages={367--375},
  year={2014},
  publisher={Elsevier}
}

@Book{FlemingLeang:2014,
  author = {Fleming A. J. and Leang K. K.},
  title = {Design, Modeling and Control of Nanopositioning Systems},
  publisher = {Springer International Publishing},
  edition = {First},
  year = {2014},
}

@Book{Qingson:2016,
  author = {Qingsong X., Kok K. T.},
  title = {Advanced Control of Piezoelectric Micro-/Nano-Positioning Systems},
  publisher = {Springer International Publishing},
  edition = {First},
  year = {2016},
}

@Book{Sun:1996,
  author = {Ioannou P.A., Sun, J.},
  title = {Robust Adaptive Control},
  publisher = {Dover Publications},
  edition = {First},
  year = {1996},
}

@Book{Ljung:2003,
  author = {Glad T., Ljung L.},
  title = {Reglerteori},
  publisher = {Studentlitteratur AB},
  edition = {Second},
  year = {2003},
}

@Book{industrial,
  author = {Enqvist M., Glad T., Gunnarsson S., Lindskog P., Ljung L., Löfberg J., McKelvey T., Stenman A., Strömberg, J-E.},
  title = {Industriell reglerteknik Kurskompendium},
  publisher = {Reglerteknik, Institutionen för systemteknik},
  edition = {Second},
  year = {2014},
}

@Book{Ru:2016,
  author = {Ru C., Liu X. Sun Y.},
  title = {Nanopositioning Technologies},
  subtitle = {Fundamentals and Applications},
  publisher = {Springer International Publishing},
  edition = {First},
  year = {2016},
}

@article{scandale2016observation,
  title={Observation of channeling for 6500 GeV/c protons in the crystal assisted collimation setup for LHC},
  author={Scandale, W and Arduini, G and Butcher, M and Cerutti, F and Garattini, M and Gilardoni, S and Lechner, A and Losito, R and Masi, A and Mirarchi, D and others},
  journal={Physics Letters B},
  volume={758},
  pages={129--133},
  year={2016},
  publisher={Elsevier}
}

@Misc{IMP:Perry,
  author = {Y.Li, Perry},
  title = "Internal Model Principle and Repetitive Control, Ch 8",
  month = "Retreived in June",
  year = "2016",
  url ="http://www.me.umn.edu/courses/me8281/notes/Old\%20S06/Chapter\%208\%20IMP-repetitive.pdf",
}

@Misc{beat:2016,
  author = {UNSW,  School of Physics, Sydney Australia},
  title = "Interference beats and Tartini tones",
  month = "Retreived in August",
  year = "2016",
  url ="http://www.animations.physics.unsw.edu.au/jw/beats.htm",
}

@phdthesis{CrystalCollimation:2015,
  title={Crystal collimation for LHC},
  author={Mirarchi, Daniele},
  year={2015},
  school={Imperial Coll., London}
}

@phdthesis{Maxwell:2012,
  title={Mechanical models of friction that exhibit hysteresis, stick-slip, and the Stribeck effect},
  author={Drincic, Bojana},
  year={2012},
  school={The University of Michigan}
}

@article{vilanova2008disturbance,
  title={Disturbance compensation on uncertain systems: Feedforward control design for stable systems},
  author={Vilanova, Ramon and Arrieta, Orlando and Ibeas, Asier and Balaguer, Pedro and Pedret, Carles},
  journal={IFAC Proceedings Volumes},
  volume={41},
  number={2},
  pages={11310--11315},
  year={2008},
  publisher={Elsevier}
}

@article{kandil2005adaptive,
  title={Adaptive feedforward cancellation of sinusoidal disturbances in superconducting RF cavities},
  author={Kandil, TH and Khalil, HK and Vincent, J and Grimm, TL and Hartung, W and Popielarski, J and York, RC and Seshagiri, S},
  journal={Nuclear Instruments and Methods in Physics Research Section A: Accelerators, Spectrometers, Detectors and Associated Equipment},
  volume={550},
  number={3},
  pages={514--520},
  year={2005},
  publisher={Elsevier}
}

@article{fujimoto2009rro,
  title={RRO compensation of hard disk drives with multirate repetitive perfect tracking control},
  author={Fujimoto, Hiroshi},
  journal={IEEE Transactions on Industrial Electronics},
  volume={56},
  number={10},
  pages={3825--3831},
  year={2009},
  publisher={IEEE}
}

@inproceedings{fujimoto2004repetitive,
  title={Repetitive control of hard disk drives based on switching scheme: Experimental verification for multiple mode disturbance},
  author={Fujimoto, Hiroshi and Kawakami, F and Kondo, S},
  booktitle={Advanced Motion Control, 2004. AMC'04. The 8th IEEE International Workshop on},
  pages={323--328},
  year={2004},
  organization={IEEE}
}

@article{chuang2013robust,
  title={Robust H-inf control in fast atomic force microscopy},
  author={Chuang, Ning and Petersen, Ian R and Pota, Hemanshu R},
  journal={Asian Journal of Control},
  volume={15},
  number={3},
  pages={872--887},
  year={2013},
  publisher={Wiley Online Library}
}

@article{gu2016modeling,
  title={Modeling and control of piezo-actuated nanopositioning stages: a survey},
  author={Gu, Guo-Ying and Zhu, Li-Min and Su, Chun-Yi and Ding, Han and Fatikow, Sergej},
  journal={IEEE Transactions on Automation Science and Engineering},
  volume={13},
  number={1},
  pages={313--332},
  year={2016},
  publisher={IEEE}
}

@inproceedings{leang2002hysteresis,
  title={Hysteresis, creep, and vibration compensation for piezoactuators: Feedback and feedforward control},
  author={Leang, Kam K and Devasia, Santosh},
  booktitle={Proceedings of the Second IFAC Conference on Mechatronic Systems, Berkeley, CA, Dec},
  pages={9--11},
  year={2002},
  organization={Citeseer}
}

@article{gu2013motion,
  title={Motion control of piezoelectric positioning stages: modeling, controller design, and experimental evaluation},
  author={Gu, Guo-Ying and Zhu, Li-Min and Su, Chun-Yi and Ding, Han},
  journal={IEEE/ASME Transactions on Mechatronics},
  volume={18},
  number={5},
  pages={1459--1471},
  year={2013},
  publisher={IEEE}
}

@article{xu2014model,
  title={Model reference adaptive control with perturbation estimation for a micropositioning system},
  author={Xu, Qingsong and Jia, Minping},
  journal={IEEE Transactions on control systems technology},
  volume={22},
  number={1},
  pages={352--359},
  year={2014},
  publisher={IEEE}
}


@inproceedings{ompc,
  title={Control of resonant modes of a smart structure using OMPC},
  author={Rana, MS and Pota, HR and Petersen, IR and others},
  booktitle={2013 9th Asian Control Conference (ASCC)},
  year={2013}
}

@article{inputshaper,
  title={High-bandwidth tracking control of piezo-actuated nanopositioning stages using closed-loop input shaper},
  author={Yang, Mei-Ju and Gu, Guo-Ying and Zhu, Li-Min},
  journal={Mechatronics},
  volume={24},
  number={6},
  pages={724--733},
  year={2014},
  publisher={Elsevier}
}
