@Misc{youtube,
    title = {oPAC Hector Garcia Morales - LHC collimation system optimization},
    year = {2015},
    organization = {Youtube},
    author = {Hector Garcia Morales},
    note = "Available at \texttt{https://www.youtube.com/watch?v=h2-ocLjUhTU}",
}
